@ARTICLE{1994A&A...287..676R,
   author = {{Rola}, C. and {Pelat}, D.},
    title = "{On the estimation of intensity for low S/N ratio narrow emission lines}",
  journal = {\aap},
 keywords = {EMISSION SPECTRA, ERRORS, INTENSITY, LINE SPECTRA, SIGNAL TO NOISE RATIOS, SPECTROSCOPY, DATA ACQUISITION, DATA PROCESSING, MONTE CARLO METHOD, SIMULATION, STATISTICAL ANALYSIS},
     year = 1994,
    month = jul,
   volume = 287,
    pages = {676-684},
   adsurl = {http://adsabs.harvard.edu/abs/1994A%26A...287..676R},
  adsnote = {Provided by the SAO/NASA Astrophysics Data System}
}

@ARTICLE{2004MNRAS.351.1026W,
   author = {{Wesson}, R. and {Liu}, X.-W.},
    title = "{Physical conditions in the planetary nebula NGC 6543}",
  journal = {\mnras},
 keywords = {ISM: abundances: planetary nebulae: individual: NGC 6543},
     year = 2004,
    month = jul,
   volume = 351,
    pages = {1026-1042},
      doi = {10.1111/j.1365-2966.2004.07856.x},
   adsurl = {http://adsabs.harvard.edu/abs/2004MNRAS.351.1026W},
  adsnote = {Provided by the SAO/NASA Astrophysics Data System}
}

@ARTICLE{2011arXiv1108.3800S,
   author = {{Stock}, D.~J. and {Barlow}, M.~J. and {Wesson}, R.},
    title = "{The spectroscopic properties of the nebulae around seven Galactic and LMC Wolf-Rayet stars}",
  journal = {ArXiv e-prints},
archivePrefix = "arXiv",
   eprint = {1108.3800},
 primaryClass = "astro-ph.GA",
 keywords = {Astrophysics - Galaxy Astrophysics},
     year = 2011,
    month = aug,
   adsurl = {http://adsabs.harvard.edu/abs/2011arXiv1108.3800S},
  adsnote = {Provided by the SAO/NASA Astrophysics Data System}
}
@ARTICLE{2010MNRAS.401.1375E,
   author = {{Ercolano}, B. and {Wesson}, R. and {Bastian}, N.},
    title = "{Multiple ionization sources in HII regions and their effect on derived nebular abundances}",
  journal = {\mnras},
archivePrefix = "arXiv",
   eprint = {0909.3537},
 primaryClass = "astro-ph.GA",
 keywords = {ISM: abundances, HII regions, galaxies: abundances, galaxies: ISM},
     year = 2010,
    month = jan,
   volume = 401,
    pages = {1375-1380},
      doi = {10.1111/j.1365-2966.2009.15743.x},
   adsurl = {http://adsabs.harvard.edu/abs/2010MNRAS.401.1375E},
  adsnote = {Provided by the SAO/NASA Astrophysics Data System}
}

@ARTICLE{2011arXiv1110.2709G,
   author = {{Goncalves}, D.~R. and {Wesson}, R. and {Morisset}, C. and {Barlow}, M. and 
	{Ercolano}, B.},
    title = "{When Shape Matters: correcting the ICFs to derive the chemical abundances of bipolar and elliptical PNe}",
  journal = {ArXiv e-prints},
archivePrefix = "arXiv",
   eprint = {1110.2709},
 primaryClass = "astro-ph.GA",
 keywords = {Astrophysics - Galaxy Astrophysics},
     year = 2011,
    month = oct,
   adsurl = {http://adsabs.harvard.edu/abs/2011arXiv1110.2709G},
  adsnote = {Provided by the SAO/NASA Astrophysics Data System}
}

@ARTICLE{1994MNRAS.271..257K,
   author = {{Kingsburgh}, R.~L. and {Barlow}, M.~J.},
    title = "{Elemental abundances for a sample of southern galctic planetary nebulae.}",
  journal = {\mnras},
 keywords = {Planetary Nebulae: Element Abundances, Planetary Nebulae: Spectrophotometry, Planetary Nebulae: Electron Temperatures, Planetary Nebulae: Electron Densities},
     year = 1994,
    month = nov,
   volume = 271,
    pages = {257-299},
   adsurl = {http://adsabs.harvard.edu/abs/1994MNRAS.271..257K},
  adsnote = {Provided by the SAO/NASA Astrophysics Data System}
}

@ARTICLE{2011MNRAS.415..181F,
   author = {{Fang}, X. and {Liu}, X.-W.},
    title = "{Very deep spectroscopy of the bright Saturn nebula NGC 7009 - I. Observations and plasma diagnostics}",
  journal = {\mnras},
archivePrefix = "arXiv",
   eprint = {1103.1705},
 primaryClass = "astro-ph.SR",
 keywords = {atomic data, atomic processes, line: identification, planetary nebulae: individual: NGC 7009},
     year = 2011,
    month = jul,
   volume = 415,
    pages = {181-198},
      doi = {10.1111/j.1365-2966.2011.18681.x},
   adsurl = {http://adsabs.harvard.edu/abs/2011MNRAS.415..181F},
  adsnote = {Provided by the SAO/NASA Astrophysics Data System}
}
@ARTICLE{1976AA....50..141P,
   author = {{Pequignot}, D. and {Aldrovandi}, S.~M.~V.},
    title = "{Effective collision strengths for the forbidden emission lines of neutral carbon, nitrogen and oxygen}",
  journal = {\aap},
 keywords = {ASTRONOMICAL SPECTROSCOPY, COLLISION PARAMETERS, FORBIDDEN TRANSITIONS, LINE SPECTRA, NEUTRAL PARTICLES, ASTRONOMICAL MODELS, CARBON, ELECTRON ENERGY, EMISSION SPECTRA, NITROGEN, OXYGEN},
     year = 1976,
    month = jul,
   volume = 50,
    pages = {141-144},
   adsurl = {http://adsabs.harvard.edu/abs/1976A%26A....50..141P},
  adsnote = {Provided by the SAO/NASA Astrophysics Data System}
}

@ARTICLE{1987JPhB...20.2553J,
   author = {{Johnson}, C.~T. and {Burke}, P.~G. and {Kingston}, A.~E.},
    title = "{Electron scattering from the fine structure levels within the 1s2 2s2 2p2 3P(e) ground state of C I}",
  journal = {Journal of Physics B Atomic Molecular Physics},
 keywords = {ATOMIC STRUCTURE, CARBON, ELECTRON SCATTERING, FINE STRUCTURE, GROUND STATE, ELECTRON ENERGY, MAGNETIC DIPOLES, MAXWELL-BOLTZMANN DENSITY FUNCTION, RELATIVISTIC PARTICLES},
     year = 1987,
    month = jun,
   volume = 20,
    pages = {2553-2563},
      doi = {10.1088/0022-3700/20/11/022},
   adsurl = {http://adsabs.harvard.edu/abs/1987JPhB...20.2553J},
  adsnote = {Provided by the SAO/NASA Astrophysics Data System}
}
@ARTICLE{1979AA....72..129N,
   author = {{Nussbaumer}, H. and {Rusca}, C.},
    title = "{Forbidden transitions in the C I sequence}",
  journal = {\aap},
 keywords = {ATOMIC SPECTRA, CARBON, FORBIDDEN TRANSITIONS, SOLAR CORONA, TRANSITION PROBABILITIES, ABUNDANCE, COUPLING COEFFICIENTS, EIGENVECTORS, LINE SPECTRA, PHOTOSPHERE, SOLAR SPECTRA},
     year = 1979,
    month = feb,
   volume = 72,
    pages = {129-133},
   adsurl = {http://adsabs.harvard.edu/abs/1979A%26A....72..129N},
  adsnote = {Provided by the SAO/NASA Astrophysics Data System}
}
@ARTICLE{1982MNRAS.198..127M,
   author = {{Mendoza}, C. and {Zeippen}, C.~J.},
    title = "{Transition probabilities for forbidden lines in the 3p3 configuration}",
  journal = {\mnras},
 keywords = {ASTRONOMICAL SPECTROSCOPY, ATOMIC STRUCTURE, FORBIDDEN BANDS, ISOELECTRONIC SEQUENCE, TRANSITION PROBABILITIES, COMPUTER PROGRAMS, MAGNETIC DIPOLES, NEBULAE, WAVE FUNCTIONS},
     year = 1982,
    month = jan,
   volume = 198,
    pages = {127-139},
   adsurl = {http://adsabs.harvard.edu/abs/1982MNRAS.198..127M},
  adsnote = {Provided by the SAO/NASA Astrophysics Data System}
}
@ARTICLE{1989AA...208..337B,
   author = {{Butler}, K. and {Zeippen}, C.~J.},
    title = "{Effective collision strengths for fine-structure forbidden transitions in the 3p3 configuration of Cl(III)}",
  journal = {\aap},
 keywords = {ELECTRON SCATTERING, FORBIDDEN TRANSITIONS, ISOELECTRONIC SEQUENCE, PLANETARY NEBULAE, CHLORINE, ELECTRON ENERGY, TEMPERATURE DEPENDENCE},
     year = 1989,
    month = jan,
   volume = 208,
    pages = {337-344},
   adsurl = {http://adsabs.harvard.edu/abs/1989A%26A...208..337B},
  adsnote = {Provided by the SAO/NASA Astrophysics Data System}
}

@ARTICLE{1981PSS...29..377B,
   author = {{Berrington}, K.~A. and {Burke}, P.~G.},
    title = "{Effective collision strengths for forbidden transitions in e-N and e-o scattering}",
  journal = {\planss},
     year = 1981,
    month = mar,
   volume = 29,
    pages = {377-381},
      doi = {10.1016/0032-0633(81)90026-X},
   adsurl = {http://adsabs.harvard.edu/abs/1981P%26SS...29..377B},
  adsnote = {Provided by the SAO/NASA Astrophysics Data System}
}

@ARTICLE{1988JPhB...21.1083B,
   author = {{Berrington}, K.~A.},
    title = "{Low-energy electron excitation of the 3P(e) fine-structure levels in atomic oxygen}",
  journal = {Journal of Physics B Atomic Molecular Physics},
 keywords = {ATOMIC EXCITATIONS, ELECTRON ENERGY, ELECTRON TRANSITIONS, FINE STRUCTURE, GROUND STATE, OXYGEN ATOMS, ATOMIC ENERGY LEVELS, EARTH IONOSPHERE, ELECTRON IMPACT, MAXWELL-BOLTZMANN DENSITY FUNCTION, PLANETARY NEBULAE},
     year = 1988,
   volume = 21,
    pages = {1083-1089},
      doi = {10.1088/0953-4075/21/6/015},
   adsurl = {http://adsabs.harvard.edu/abs/1988JPhB...21.1083B},
  adsnote = {Provided by the SAO/NASA Astrophysics Data System}
}

@ARTICLE{1988JPhB...21.1455B,
   author = {{Baluja}, K.~L. and {Zeippen}, C.~J.},
    title = "{M1 and E2 transition probabilities for states within the 2p4 configuration of the O I isoelectronic sequence}",
  journal = {Journal of Physics B Atomic Molecular Physics},
 keywords = {ELECTRON STATES, GROUND STATE, ISOELECTRONIC SEQUENCE, OXYGEN, TRANSITION PROBABILITIES, ASTROPHYSICS, CONFIGURATION INTERACTION, FORBIDDEN TRANSITIONS, WAVE FUNCTIONS},
     year = 1988,
    month = may,
   volume = 21,
    pages = {1455-1471},
      doi = {10.1088/0953-4075/21/9/007},
   adsurl = {http://adsabs.harvard.edu/abs/1988JPhB...21.1455B},
  adsnote = {Provided by the SAO/NASA Astrophysics Data System}
}

@ARTICLE{1976MNRAS.177...31P,
   author = {{Pradhan}, A.~K.},
    title = "{Collision strengths for O II and S II}",
  journal = {\mnras},
 keywords = {ATOMIC ENERGY LEVELS, COLLISION PARAMETERS, OXYGEN SPECTRA, SULFUR, ELECTRON ENERGY, FINE STRUCTURE, FORBIDDEN TRANSITIONS, GROUND STATE, MATRICES (MATHEMATICS), OXYGEN IONS},
     year = 1976,
    month = oct,
   volume = 177,
    pages = {31-38},
   adsurl = {http://adsabs.harvard.edu/abs/1976MNRAS.177...31P},
  adsnote = {Provided by the SAO/NASA Astrophysics Data System}
}
@ARTICLE{1982MNRAS.198..111Z,
   author = {{Zeippen}, C.~J.},
    title = "{Transition probabilities for forbidden lines in the 2p/3/ configuration}",
  journal = {\mnras},
 keywords = {FORBIDDEN TRANSITIONS, GROUND STATE, ISOELECTRONIC SEQUENCE, NEBULAE, NITROGEN IONS, TRANSITION PROBABILITIES, ASTROPHYSICS, ATOMIC STRUCTURE, MAGNETIC DIPOLES, RADIATIVE TRANSFER, SPIN-ORBIT INTERACTIONS},
     year = 1982,
    month = jan,
   volume = 198,
    pages = {111-125},
   adsurl = {http://adsabs.harvard.edu/abs/1982MNRAS.198..111Z},
  adsnote = {Provided by the SAO/NASA Astrophysics Data System}
}
@ARTICLE{1982MNRAS.199.1025M,
   author = {{Mendoza}, C. and {Zeippen}, C.~J.},
    title = "{Transition probabilities for forbidden lines in the 3p/2/ configuration. - II}",
  journal = {\mnras},
 keywords = {ATOMIC STRUCTURE, FORBIDDEN TRANSITIONS, IONS, ISOELECTRONIC SEQUENCE, TRANSITION PROBABILITIES, CONFIGURATION INTERACTION, MAGNETIC DIPOLES, RELATIVITY, WAVE FUNCTIONS},
     year = 1982,
    month = jun,
   volume = 199,
    pages = {1025-1032},
   adsurl = {http://adsabs.harvard.edu/abs/1982MNRAS.199.1025M},
  adsnote = {Provided by the SAO/NASA Astrophysics Data System}
}
@INPROCEEDINGS{1983IAUS..103..143M,
   author = {{Mendoza}, C.},
    title = "{Recent advances in atomic calculations and experiments of interest in the study of planetary nebulae}",
 keywords = {ATOMIC EXCITATIONS, IONIZATION CROSS SECTIONS, PHOTOIONIZATION, PLANETARY NEBULAE, TRANSITION PROBABILITIES, ELECTRON SCATTERING, FORBIDDEN TRANSITIONS, GROUND STATE, RELATIVISTIC EFFECTS},
booktitle = {Planetary Nebulae},
     year = 1983,
   series = {IAU Symposium},
   volume = 103,
   editor = "{D.~R.~Flower}",
    pages = {143-172},
   adsurl = {http://adsabs.harvard.edu/abs/1983IAUS..103..143M},
  adsnote = {Provided by the SAO/NASA Astrophysics Data System}
}

@ARTICLE{2006ApJS..162..261L,
   author = {{Landi}, E. and {Del Zanna}, G. and {Young}, P.~R. and {Dere}, K.~P. and 
        {Mason}, H.~E. and {Landini}, M.},
    title = "{CHIANTI-An Atomic Database for Emission Lines. VII. New Data for X-Rays and Other Improvements}",
  journal = {\apjs},
 keywords = {Atomic Data, Plasmas},
     year = 2006,
    month = jan,
   volume = 162,
    pages = {261-280},
      doi = {10.1086/498148},
   adsurl = {http://adsabs.harvard.edu/abs/2006ApJS..162..261L},
  adsnote = {Provided by the SAO/NASA Astrophysics Data System}
}

@ARTICLE{1983MNRAS.203..301H,
   author = {{Howarth}, I.~D.},
    title = "{LMC and galactic extinction}",
  journal = {\mnras},
 keywords = {GALACTIC RADIATION, INTERSTELLAR EXTINCTION, MAGELLANIC CLOUDS, SPACEBORNE ASTRONOMY, ULTRAVIOLET SPECTRA, DATA ACQUISITION, DATA REDUCTION, IUE, MILKY WAY GALAXY, PARAMETERIZATION, SATELLITE OBSERVATION},
     year = 1983,
    month = apr,
   volume = 203,
    pages = {301-304},
   adsurl = {http://cdsads.u-strasbg.fr/abs/1983MNRAS.203..301H},
  adsnote = {Provided by the SAO/NASA Astrophysics Data System}
}

@ARTICLE{1989ApJ...345..245C,
   author = {{Cardelli}, J.~A. and {Clayton}, G.~C. and {Mathis}, J.~S.},
    title = "{The relationship between infrared, optical, and ultraviolet extinction}",
  journal = {\apj},
 keywords = {INFRARED SPECTRA, INTERSTELLAR EXTINCTION, ULTRAVIOLET SPECTRA, VISIBLE SPECTRUM, COMPUTATIONAL ASTROPHYSICS, INTERSTELLAR MATTER, IUE},
     year = 1989,
    month = oct,
   volume = 345,
    pages = {245-256},
      doi = {10.1086/167900},
   adsurl = {http://cdsads.u-strasbg.fr/abs/1989ApJ...345..245C},
  adsnote = {Provided by the SAO/NASA Astrophysics Data System}
}

@ARTICLE{1990ApJS...72..163F,
   author = {{Fitzpatrick}, E.~L. and {Massa}, D.},
    title = "{An analysis of the shapes of ultraviolet extinction curves. III - an atlas of ultraviolet extinction curves}",
  journal = {\apjs},
 keywords = {INTERSTELLAR EXTINCTION, SPECTRUM ANALYSIS, STELLAR SPECTRA, ULTRAVIOLET ASTRONOMY, ABUNDANCE, ASTRONOMICAL MAPS, ASTRONOMICAL SPECTROSCOPY, H I REGIONS, IUE},
     year = 1990,
    month = jan,
   volume = 72,
    pages = {163-189},
      doi = {10.1086/191413},
   adsurl = {http://cdsads.u-strasbg.fr/abs/1990ApJS...72..163F},
  adsnote = {Provided by the SAO/NASA Astrophysics Data System}
}

@ARTICLE{1984A&A...132..389P,
   author = {{Prevot}, M.~L. and {Lequeux}, J. and {Prevot}, L. and {Maurice}, E. and 
	{Rocca-Volmerange}, B.},
    title = "{The typical interstellar extinction in the Small Magellanic Cloud}",
  journal = {\aap},
 keywords = {INTERSTELLAR EXTINCTION, MAGELLANIC CLOUDS, ULTRAVIOLET SPECTRA, INTERSTELLAR MATTER, IUE},
     year = 1984,
    month = mar,
   volume = 132,
    pages = {389-392},
   adsurl = {http://cdsads.u-strasbg.fr/abs/1984A%26A...132..389P},
  adsnote = {Provided by the SAO/NASA Astrophysics Data System}
}

@INPROCEEDINGS{2006IAUS..234..219L,
   author = {{Liu}, X.-W.},
    title = "{Optical recombination lines as probes of conditions in planetary nebulae}",
booktitle = {Planetary Nebulae in our Galaxy and Beyond},
     year = 2006,
   series = {IAU Symposium},
   volume = 234,
   eprint = {arXiv:astro-ph/0605082},
   editor = "{M.~J.~Barlow \& R.~H.~M{\'e}ndez}",
    pages = {219-226},
      doi = {10.1017/S1743921306003000},
   adsurl = {http://cdsads.u-strasbg.fr/abs/2006IAUS..234..219L},
  adsnote = {Provided by the SAO/NASA Astrophysics Data System}
}
@ARTICLE{2011MNRAS.tmp.1754S,
   author = {{Stock}, D.~J. and {Barlow}, M.~J. and {Wesson}, R.},
    title = "{The spectroscopic properties of the nebulae around seven Galactic and LMC Wolf-Rayet stars}",
  journal = {\mnras},
archivePrefix = "arXiv",
   eprint = {1108.3800},
 primaryClass = "astro-ph.GA",
 keywords = {circumstellar matter, stars: mass-loss, stars: winds, outflows, stars: Wolf-Rayet},
     year = 2011,
    month = oct,
    pages = {1754},
      doi = {10.1111/j.1365-2966.2011.19643.x},
   adsurl = {http://adsabs.harvard.edu/abs/2011MNRAS.tmp.1754S},
  adsnote = {Provided by the SAO/NASA Astrophysics Data System}
}


@ARTICLE{2010MNRAS.409.1429S,
   author = {{Stock}, D.~J. and {Barlow}, M.~J.},
    title = "{A search for ejecta nebulae around Wolf-Rayet stars using the SHS H{$\alpha$} survey}",
  journal = {\mnras},
archivePrefix = "arXiv",
   eprint = {1006.0625},
 primaryClass = "astro-ph.GA",
 keywords = {circumstellar matter, stars: evolution, stars: massive, stars: Wolf-Rayet},
     year = 2010,
    month = dec,
   volume = 409,
    pages = {1429-1440},
      doi = {10.1111/j.1365-2966.2010.17124.x},
   adsurl = {http://adsabs.harvard.edu/abs/2010MNRAS.409.1429S},
  adsnote = {Provided by the SAO/NASA Astrophysics Data System}
}

@ARTICLE{2011arXiv1110.1186M,
   author = {{Magrini}, L. and {Stanghellini}, L. and {Goncalves}, D.~R.},
    title = "{Extragalactic Planetary Nebulae: tracers of the chemical evolution of nearby galaxies}",
  journal = {ArXiv e-prints},
archivePrefix = "arXiv",
   eprint = {1110.1186},
 primaryClass = "astro-ph.CO",
 keywords = {Astrophysics - Cosmology and Extragalactic Astrophysics, Astrophysics - Galaxy Astrophysics},
     year = 2011,
    month = oct,
   adsurl = {http://adsabs.harvard.edu/abs/2011arXiv1110.1186M},
  adsnote = {Provided by the SAO/NASA Astrophysics Data System}
}

@ARTICLE{2009ApJ...690.1130K,
   author = {{Karakas}, A.~I. and {van Raai}, M.~A. and {Lugaro}, M. and 
	{Sterling}, N.~C. and {Dinerstein}, H.~L.},
    title = "{Nucleosynthesis Predictions for Intermediate-Mass Asymptotic Giant Branch Stars: Comparison to Observations of Type I Planetary Nebulae}",
  journal = {\apj},
archivePrefix = "arXiv",
   eprint = {0809.1456},
 keywords = {nuclear reactions, nucleosynthesis, abundances, planetary nebulae: general, stars: AGB and post-AGB},
     year = 2009,
    month = jan,
   volume = 690,
    pages = {1130-1144},
      doi = {10.1088/0004-637X/690/2/1130},
   adsurl = {http://adsabs.harvard.edu/abs/2009ApJ...690.1130K},
  adsnote = {Provided by the SAO/NASA Astrophysics Data System}
}
@ARTICLE{1992A&A...264..105M,
   author = {{Maeder}, A.},
    title = "{Stellar yields as a function of initial metallicity and mass limit for black hole formation}",
  journal = {\aap},
 keywords = {BLACK HOLES (ASTRONOMY), METALLICITY, STELLAR EVOLUTION, WOLF-RAYET STARS, GALACTIC EVOLUTION, H II REGIONS, INTERSTELLAR CHEMISTRY, STELLAR MASS, STELLAR MASS EJECTION, STELLAR MODELS, STELLAR WINDS},
     year = 1992,
    month = oct,
   volume = 264,
    pages = {105-120},
   adsurl = {http://adsabs.harvard.edu/abs/1992A%26A...264..105M},
  adsnote = {Provided by the SAO/NASA Astrophysics Data System}
}
@BOOK{2003ceg..book.....M,
   author = {{Matteucci}, F.},
    title = "{The Chemical Evolution of the Galaxy}",
booktitle = {The Chemical Evolution of the Galaxy.~By Francesca Matteucci, Department of Astronomy, University of Trieste, Italy.~Astrophysics and Space Science Library Volume 253 reprint Kluwer Academic Publishers, Dordrecht},
     year = 2003,
    month = oct,
   editor = "{Matteucci, F.}",
   adsurl = {http://adsabs.harvard.edu/abs/2003ceg..book.....M},
  adsnote = {Provided by the SAO/NASA Astrophysics Data System}
}

@BOOK{1997nceg.book.....P,
   author = {{Pagel}, B.~E.~J.},
    title = "{Nucleosynthesis and Chemical Evolution of Galaxies}",
booktitle = {Nucleosynthesis and Chemical Evolution of Galaxies, by Bernard E.~J.~Pagel, pp.~392.~ISBN 0521550610.~Cambridge, UK: Cambridge University Press, October 1997.},
     year = 1997,
    month = oct,
   editor = "{Pagel, B.~E.~J.}",
   adsurl = {http://adsabs.harvard.edu/abs/1997nceg.book.....P},
  adsnote = {Provided by the SAO/NASA Astrophysics Data System}
}


@ARTICLE{1864RSPT..154..437H,
   author = {{Huggins}, W. and {Miller}, W.~A.},
    title = "{On the Spectra of Some of the Nebulae. By William Huggins, F.R.A.S. A Supplement to the Paper ''On the Spectra of Some of the Fixed Stars William Huggins F.R.A.S., and W. A. Miller, M.D., LL.D., Treas. and V.P.P.S.''}",
  journal = {Royal Society of London Philosophical Transactions Series I},
     year = 1864,
   volume = 154,
    pages = {437-444},
   adsurl = {http://adsabs.harvard.edu/abs/1864RSPT..154..437H},
  adsnote = {Provided by the SAO/NASA Astrophysics Data System}
}
@ARTICLE{2005MNRAS.362..424W,
   author = {{Wesson}, R. and {Liu}, X.-W. and {Barlow}, M.~J.},
    title = "{The abundance discrepancy - recombination line versus forbidden line abundances for a northern sample of galactic planetary nebulae}",
  journal = {\mnras},
 keywords = {ISM: abundances, planetary nebulae: general},
     year = 2005,
    month = sep,
   volume = 362,
    pages = {424-454},
      doi = {10.1111/j.1365-2966.2005.09325.x},
   adsurl = {http://adsabs.harvard.edu/abs/2005MNRAS.362..424W},
  adsnote = {Provided by the SAO/NASA Astrophysics Data System}
}

@ARTICLE{2007ApJ...670..457G,
   author = {{Garc{\'{\i}}a-Rojas}, J. and {Esteban}, C.},
    title = "{On the Abundance Discrepancy Problem in H II Regions}",
  journal = {\apj},
archivePrefix = "arXiv",
   eprint = {0707.3518},
 keywords = {ISM: H II Regions, ISM: Abundances, Line: Identification},
     year = 2007,
    month = nov,
   volume = 670,
    pages = {457-470},
      doi = {10.1086/521871},
   adsurl = {http://adsabs.harvard.edu/abs/2007ApJ...670..457G},
  adsnote = {Provided by the SAO/NASA Astrophysics Data System}
}

@ARTICLE{2008MNRAS.386...22T,
   author = {{Tsamis}, Y.~G. and {Walsh}, J.~R. and {P{\'e}quignot}, D. and 
	{Barlow}, M.~J. and {Danziger}, I.~J. and {Liu}, X.-W.},
    title = "{Integral field spectroscopy of planetary nebulae: mapping the line diagnostics and hydrogen-poor zones with VLT FLAMES}",
  journal = {\mnras},
archivePrefix = "arXiv",
   eprint = {0802.0774},
 keywords = {ISM: abundances , planetary nebulae: general , planetary nebulae: individual: NGC 5882 , planetary nebulae: individual: NGC 6153 , planetary nebulae: individual: NGC 7009},
     year = 2008,
    month = may,
   volume = 386,
    pages = {22-46},
      doi = {10.1111/j.1365-2966.2008.13051.x},
   adsurl = {http://adsabs.harvard.edu/abs/2008MNRAS.386...22T},
  adsnote = {Provided by the SAO/NASA Astrophysics Data System}
}

@ARTICLE{2006MNRAS.368.1959L,
   author = {{Liu}, X.-W. and {Barlow}, M.~J. and {Zhang}, Y. and {Bastin}, R.~J. and 
	{Storey}, P.~J.},
    title = "{Chemical abundances for Hf 2-2, a planetary nebula with the strongest-known heavy-element recombination lines}",
  journal = {\mnras},
   eprint = {arXiv:astro-ph/0603215},
 keywords = {ISM: abundances , planetary nebulae: individual: Hf2-2},
     year = 2006,
    month = jun,
   volume = 368,
    pages = {1959-1970},
      doi = {10.1111/j.1365-2966.2006.10283.x},
   adsurl = {http://adsabs.harvard.edu/abs/2006MNRAS.368.1959L},
  adsnote = {Provided by the SAO/NASA Astrophysics Data System}
}
@ARTICLE{2005ApJ...623..897L,
   author = {{Larson}, K.~A. and {Whittet}, D.~C.~B.},
    title = "{Reddening and the Extinction Law at High Galactic Latitude}",
  journal = {\apj},
 keywords = {ISM: Dust, Extinction, Infrared: ISM, ISM: Clouds},
     year = 2005,
    month = apr,
   volume = 623,
    pages = {897-910},
      doi = {10.1086/428877},
   adsurl = {http://cdsads.u-strasbg.fr/abs/2005ApJ...623..897L},
  adsnote = {Provided by the SAO/NASA Astrophysics Data System}
}

@ARTICLE{1995MNRAS.272...41S,
   author = {{Storey}, P.~J. and {Hummer}, D.~G.},
    title = "{Recombination line intensities for hydrogenic ions-IV. Total recombination coefficients and machine-readable tables for Z=1 to 8}",
  journal = {\mnras},
 keywords = {ATOMIC DATA-ATOMIC PROCESSES-LINE, FORMATION-ASTRONOMICAL DATA BASES, MISCELLANEOUS.},
     year = 1995,
    month = jan,
   volume = 272,
    pages = {41-48},
   adsurl = {http://cdsads.u-strasbg.fr/abs/1995MNRAS.272...41S},
  adsnote = {Provided by the SAO/NASA Astrophysics Data System}
}

@article{Kinderman:1977:CGR:355744.355750,
 author = {Kinderman, A. J. and Monahan, J. F.},
 title = {Computer Generation of Random Variables Using the Ratio of Uniform Deviates},
 journal = {ACM Trans. Math. Softw.},
 issue_date = {Sept. 1977},
 volume = {3},
 issue = {3},
 month = {September},
 year = {1977},
 issn = {0098-3500},
 pages = {257--260},
 numpages = {4},
 url = {http://doi.acm.org/10.1145/355744.355750},
 doi = {http://doi.acm.org/10.1145/355744.355750},
 acmid = {355750},
 publisher = {ACM},
 address = {New York, NY, USA},
}

@ARTICLE{2004MNRAS.355..229E,
   author = {{Esteban}, C. and {Peimbert}, M. and {Garc{\'{\i}}a-Rojas}, J. and 
	{Ruiz}, M.~T. and {Peimbert}, A. and {Rodr{\'{\i}}guez}, M.},
    title = "{A reappraisal of the chemical composition of the Orion nebula based on Very Large Telescope echelle spectrophotometry}",
  journal = {\mnras},
   eprint = {arXiv:astro-ph/0408249},
 keywords = {ISM: abundances, HII regions, ISM: individual: Orion nebula},
     year = 2004,
    month = nov,
   volume = 355,
    pages = {229-247},
      doi = {10.1111/j.1365-2966.2004.08313.x},
   adsurl = {http://cdsads.u-strasbg.fr/abs/2004MNRAS.355..229E},
  adsnote = {Provided by the SAO/NASA Astrophysics Data System}
}

@ARTICLE{2009ApJ...700..654E,
   author = {{Esteban}, C. and {Bresolin}, F. and {Peimbert}, M. and {Garc{\'{\i}}a-Rojas}, J. and 
	{Peimbert}, A. and {Mesa-Delgado}, A.},
    title = "{Keck HIRES Spectroscopy of Extragalactic H II Regions: C and O Abundances from Recombination Lines}",
  journal = {\apj},
archivePrefix = "arXiv",
   eprint = {0905.2532},
 primaryClass = "astro-ph.CO",
 keywords = {galaxies: abundances, galaxies: individual: M31 M33 M83 M101 NGC 1741 NGC 2366 NGC 2403 NGC 4395 NGC 4861, galaxies: ISM, galaxies: spiral, H II regions},
     year = 2009,
    month = jul,
   volume = 700,
    pages = {654-678},
      doi = {10.1088/0004-637X/700/1/654},
   adsurl = {http://cdsads.u-strasbg.fr/abs/2009ApJ...700..654E},
  adsnote = {Provided by the SAO/NASA Astrophysics Data System}
}

@ARTICLE{2004ApJ...616..912V,
   author = {{Valencic}, L.~A. and {Clayton}, G.~C. and {Gordon}, K.~D.},
    title = "{Ultraviolet Extinction Properties in the Milky Way}",
  journal = {\apj},
   eprint = {arXiv:astro-ph/0408409},
 keywords = {ISM: Dust, Extinction, Ultraviolet: General},
     year = 2004,
    month = dec,
   volume = 616,
    pages = {912-924},
      doi = {10.1086/424922},
   adsurl = {http://cdsads.u-strasbg.fr/abs/2004ApJ...616..912V},
  adsnote = {Provided by the SAO/NASA Astrophysics Data System}
}

@ARTICLE{2006ApJS..162..261L,
   author = {{Landi}, E. and {Del Zanna}, G. and {Young}, P.~R. and {Dere}, K.~P. and 
	{Mason}, H.~E. and {Landini}, M.},
    title = "{CHIANTI-An Atomic Database for Emission Lines. VII. New Data for X-Rays and Other Improvements}",
  journal = {\apjs},
 keywords = {Atomic Data, Plasmas},
     year = 2006,
    month = jan,
   volume = 162,
    pages = {261-280},
      doi = {10.1086/498148},
   adsurl = {http://adsabs.harvard.edu/abs/2006ApJS..162..261L},
  adsnote = {Provided by the SAO/NASA Astrophysics Data System}
}

@ARTICLE{2009A&A...498..915D,
   author = {{Dere}, K.~P. and {Landi}, E. and {Young}, P.~R. and {Del Zanna}, G. and 
	{Landini}, M. and {Mason}, H.~E.},
    title = "{CHIANTI - an atomic database for emission lines. IX. Ionization rates, recombination rates, ionization equilibria for the elements hydrogen through zinc and updated atomic data}",
  journal = {\aap},
 keywords = {atomic data, atomic processes, radiation mechanisms: thermal, plasmas},
     year = 2009,
    month = may,
   volume = 498,
    pages = {915-929},
      doi = {10.1051/0004-6361/200911712},
   adsurl = {http://adsabs.harvard.edu/abs/2009A%26A...498..915D},
  adsnote = {Provided by the SAO/NASA Astrophysics Data System}
}

@ARTICLE{2009MNRAS.397..903K,
   author = {{Kisielius}, R. and {Storey}, P.~J. and {Ferland}, G.~J. and 
	{Keenan}, F.~P.},
    title = "{Electron-impact excitation of OII fine-structure levels}",
  journal = {\mnras},
archivePrefix = "arXiv",
   eprint = {0907.4209},
 primaryClass = "astro-ph.IM",
 keywords = {atomic data , atomic processes , line: formation , planetary nebulae: general},
     year = 2009,
    month = aug,
   volume = 397,
    pages = {903-912},
      doi = {10.1111/j.1365-2966.2009.14989.x},
   adsurl = {http://cdsads.u-strasbg.fr/abs/2009MNRAS.397..903K},
  adsnote = {Provided by the SAO/NASA Astrophysics Data System}
}
